@misc{Bhatia_2023a,
    title        = {Reasoning questions with answers},
    author       = {Bhatia, Rajesh},
    year         = 2023,
    month        = {Mar},
    journal      = {Examsbook},
    publisher    = {Examsbook.com},
    url          = {https://www.examsbook.com/reasoning-questions-with-answers/2}
}
@misc{Bhatia_2023b,
    title        = {Verbal reasoning practice test answers},
    author       = {Bhatia, Rajesh},
    year         = 2023,
    month        = {Jul},
    journal      = {Examsbook},
    publisher    = {Examsbook.com},
    url          = {https://www.examsbook.com/verbal-reasoning-practice-test-answers}
}
@misc{Gajanand_2022a,
    title        = {Railway reasoning questions and answers for exams},
    author       = {Gajanand},
    year         = 2022,
    journal      = {Examsbook},
    publisher    = {Examsbook.com},
    url          = {https://www.examsbook.com/railway-reasoning-questions-and-answers-for-exams/4}
}
@misc{Gajanand_2022b,
    title        = {Reasoning questions for SSC CGL, CHSL, MTS, CPO},
    author       = {Gajanand},
    year         = 2022,
    journal      = {Examsbook},
    publisher    = {Examsbook.com},
    url          = {https://www.examsbook.com/reasoning-questions-for-ssc-cgl-chsl-mts-cpo}
}
@misc{NSW_Government_2022,
    title        = {Opportunity Class Placement Test},
    author       = {{NSW Government}},
    year         = 2022,
    journal      = {Mathematical Reasoning practice test questions},
    publisher    = {NSW Government},
    url          = {https://education.nsw.gov.au/content/dam/main-education/public-schools/selective-high-schools-and-opportunity-classes/media/0722\_OCPT\_MATHS.pdf}
}
@misc{Singh_2020,
    title        = {Critical reasoning questions and answers for competitive exams},
    author       = {Singh, Vikram},
    year         = 2020,
    journal      = {Examsbook},
    publisher    = {Examsbook.com},
    url          = {https://www.examsbook.com/critical-reasoning-questions-and-answers-for-competitive-exams/1}
}
@misc{Jordan,
    author       = {Jordan, Caitlin},
    journal      = {50 powerful examples of visual propaganda and the meanings},
    publisher    = {Canva},
    url          = {https://www.canva.com/learn/examples-of-propaganda/}
}
@misc{Roots_Corporation_2023,
    title        = {Roots casual clothing for men, women, and kids},
    author       = {{Roots Corporation}},
    year         = 2023,
    journal      = {Roots Casual Clothing for Men, Women, and Kids | Roots},
    publisher    = {Roots Corporation},
    url          = {https://www.roots.com/ca/en/homepage}
}
@online{NBA_2012,
    title        = {NBA Commish David Stern to Jim Rome “Do you still beat your wife?”},
    year         = 2012,
    month        = {Jun},
    organization = {YouTube},
    author       = {{The Sportswriter}},
    url          = {https://www.youtube.com/watch?v=dstZTHdMn8U}
}
@misc{Kiefer_2023,
    title        = {Lebron James and Erling Haaland Star in beats ad},
    author       = {Kiefer, Brittaney},
    year         = 2023,
    month        = {Oct},
    journal      = {Adweek},
    publisher    = {Adweek},
    url          = {https://www.adweek.com/brand-marketing/lebron-james-and-erling-haaland-prove-the-power-of-family-in-beats-ad/}
}
@online{MAGA_2023,
    title        = {Make America Great For Us Again!},
    year         = 2023,
    month        = {Apr},
    organization = {YouTube},
    author       = {Trump, Donald J.},
    url          = {https://www.youtube.com/watch?v=9zwy05u6ncg}
}
